<record><leader>00000cas a22000007a 4500</leader><controlfield tag="001">10577867</controlfield><controlfield tag="008">840330c19759999maudr ne      0   a0eng d</controlfield><datafield ind1=" " ind2=" " tag="010"><subfield code="a">sn 84007762 </subfield></datafield><datafield ind1=" " ind2=" " tag="040"><subfield code="a">NSD</subfield><subfield code="b">eng</subfield><subfield code="c">NSD</subfield><subfield code="d">MGN</subfield><subfield code="d">CUS</subfield><subfield code="d">OCLCQ</subfield><subfield code="d">OCLCF</subfield><subfield code="d">OCLCO</subfield></datafield><datafield ind1=" " ind2=" " tag="012"><subfield code="m">1</subfield></datafield><datafield ind1="1" ind2=" " tag="022"><subfield code="a">0747-1467</subfield><subfield code="l">0747-1467</subfield><subfield code="2">1</subfield></datafield><datafield ind1="1" ind2=" " tag="029"><subfield code="a">AU@</subfield><subfield code="b">000041922924</subfield></datafield><datafield ind1="1" ind2=" " tag="029"><subfield code="a">NZ1</subfield><subfield code="b">16068770</subfield></datafield><datafield ind1=" " ind2=" " tag="032"><subfield code="a">089120</subfield><subfield code="b">USPS</subfield></datafield><datafield ind1=" " ind2=" " tag="037"><subfield code="b">Cape Cod Times, 319 Main St., Hyannis, MA 02601</subfield></datafield><datafield ind1=" " ind2=" " tag="042"><subfield code="a">nsdp</subfield><subfield code="a">msc</subfield></datafield><datafield ind1=" " ind2=" " tag="043"><subfield code="a">n-us-ma</subfield></datafield><datafield ind1=" " ind2="0" tag="222"><subfield code="a">Cape Cod times</subfield></datafield><datafield ind1="0" ind2="0" tag="245"><subfield code="a">Cape Cod times.</subfield></datafield><datafield ind1="3" ind2="0" tag="246"><subfield code="a">Sunday Cape Cod times</subfield></datafield><datafield ind1=" " ind2=" " tag="260"><subfield code="a">Hyannis [Barnstable], Mass. :</subfield><subfield code="b">Cape Cod Times</subfield></datafield><datafield ind1=" " ind2=" " tag="310"><subfield code="a">Daily</subfield></datafield><datafield ind1="0" ind2=" " tag="362"><subfield code="a">Vol. 39, no. 206 (Sept. 2, 1975)-</subfield></datafield><datafield ind1=" " ind2=" " tag="500"><subfield code="a">On Sundays published as: Sunday Cape Cod times.</subfield></datafield><datafield ind1=" " ind2="0" tag="651"><subfield code="a">Cape Cod (Mass.)</subfield><subfield code="v">Newspapers.</subfield></datafield><datafield ind1=" " ind2="7" tag="655"><subfield code="a">Newspapers.</subfield><subfield code="2">fast</subfield><subfield code="0">(OCoLC)fst01423814</subfield></datafield><datafield ind1=" " ind2="7" tag="651"><subfield code="a">Massachusetts</subfield><subfield code="z">Cape Cod.</subfield><subfield code="2">fast</subfield><subfield code="0">(OCoLC)fst01243977</subfield></datafield><datafield ind1=" " ind2=" " tag="752"><subfield code="a">United States</subfield><subfield code="b">Massachusetts</subfield><subfield code="c">Barnstable</subfield><subfield code="d">Barnstable.</subfield></datafield><datafield ind1=" " ind2=" " tag="752"><subfield code="a">United States</subfield><subfield code="b">Massachusetts</subfield><subfield code="c">Barnstable</subfield><subfield code="d">Hyannis.</subfield></datafield><datafield ind1="1" ind2=" " tag="776"><subfield code="t">Cape Cod times (Online)</subfield><subfield code="w">(OCoLC)61313500</subfield></datafield><datafield ind1="0" ind2="0" tag="780"><subfield code="t">Cape Cod standard-times</subfield><subfield code="w">(DLC)sn 93050697</subfield></datafield><datafield ind1=" " ind2=" " tag="936"><subfield code="a">Mar. 19, 1984</subfield></datafield></record>